%YAML 1.1
%TAG !u! tag:unity3d.com,2011:
--- !u!64 &3301885666174946183
MeshCollider:
  m_ObjectHideFlags: 0
  m_CorrespondingSourceObject: {fileID: 0}
  m_PrefabInstance: {fileID: 0}
  m_PrefabAsset: {fileID: 0}
  m_GameObject: {fileID: 264742908657169995}
  m_Material: {fileID: 0}
  m_IsTrigger: 0
  m_Enabled: 1
  serializedVersion: 4
  m_Convex: 0
  m_CookingOptions: 30
  m_Mesh: {fileID: 4762477281045989054, guid: 48ba1b233e7fb4ae6a7a42b669afde6a, type: 3}
--- !u!64 &5023630303123512283
MeshCollider:
  m_ObjectHideFlags: 0
  m_CorrespondingSourceObject: {fileID: 0}
  m_PrefabInstance: {fileID: 0}
  m_PrefabAsset: {fileID: 0}
  m_GameObject: {fileID: 264742908657169995}
  m_Material: {fileID: 0}
  m_IsTrigger: 0
  m_Enabled: 1
  serializedVersion: 4
  m_Convex: 0
  m_CookingOptions: 30
  m_Mesh: {fileID: 4762477281045989054, guid: 48ba1b233e7fb4ae6a7a42b669afde6a, type: 3}
--- !u!1 &2888568529844001933
GameObject:
  m_ObjectHideFlags: 0
  m_CorrespondingSourceObject: {fileID: 0}
  m_PrefabInstance: {fileID: 0}
  m_PrefabAsset: {fileID: 0}
  serializedVersion: 6
  m_Component:
  - component: {fileID: 7640439270797265097}
  m_Layer: 0
  m_Name: Equip
  m_TagString: Untagged
  m_Icon: {fileID: 0}
  m_NavMeshLayer: 0
  m_StaticEditorFlags: 0
  m_IsActive: 1
--- !u!4 &7640439270797265097
Transform:
  m_ObjectHideFlags: 0
  m_CorrespondingSourceObject: {fileID: 0}
  m_PrefabInstance: {fileID: 0}
  m_PrefabAsset: {fileID: 0}
  m_GameObject: {fileID: 2888568529844001933}
  m_LocalRotation: {x: -0, y: -0.13043964, z: -0, w: 0.9914563}
  m_LocalPosition: {x: -232.56516, y: 748.38995, z: -70.55395}
  m_LocalScale: {x: 1, y: 1, z: 1}
  m_Children:
  - {fileID: 641585827983404273}
  m_Father: {fileID: 7042335803103702321}
  m_RootOrder: 1
  m_LocalEulerAnglesHint: {x: 0, y: 0, z: 0}
--- !u!1 &5464456264452717661
GameObject:
  m_ObjectHideFlags: 0
  m_CorrespondingSourceObject: {fileID: 0}
  m_PrefabInstance: {fileID: 0}
  m_PrefabAsset: {fileID: 0}
  serializedVersion: 6
  m_Component:
  - component: {fileID: 7042335803103702321}
  m_Layer: 0
  m_Name: RadioTower
  m_TagString: Untagged
  m_Icon: {fileID: 0}
  m_NavMeshLayer: 0
  m_StaticEditorFlags: 0
  m_IsActive: 1
--- !u!4 &7042335803103702321
Transform:
  m_ObjectHideFlags: 0
  m_CorrespondingSourceObject: {fileID: 0}
  m_PrefabInstance: {fileID: 0}
  m_PrefabAsset: {fileID: 0}
  m_GameObject: {fileID: 5464456264452717661}
  m_LocalRotation: {x: 0, y: 0, z: 0, w: 1}
  m_LocalPosition: {x: 175.49706, y: -724.4713, z: 245.67097}
  m_LocalScale: {x: 1, y: 1, z: 1}
  m_Children:
  - {fileID: 1216014463049959611}
  - {fileID: 7640439270797265097}
  m_Father: {fileID: 0}
  m_RootOrder: 0
  m_LocalEulerAnglesHint: {x: 0, y: 0, z: 0}
--- !u!1001 &1111799306800417562
PrefabInstance:
  m_ObjectHideFlags: 0
  serializedVersion: 2
  m_Modification:
    m_TransformParent: {fileID: 7640439270797265097}
    m_Modifications:
    - target: {fileID: -8679921383154817045, guid: 48ba1b233e7fb4ae6a7a42b669afde6a, type: 3}
      propertyPath: m_LocalPosition.x
      value: -123.01599
      objectReference: {fileID: 0}
    - target: {fileID: -8679921383154817045, guid: 48ba1b233e7fb4ae6a7a42b669afde6a, type: 3}
      propertyPath: m_LocalPosition.y
      value: -56.605003
      objectReference: {fileID: 0}
    - target: {fileID: -8679921383154817045, guid: 48ba1b233e7fb4ae6a7a42b669afde6a, type: 3}
      propertyPath: m_LocalPosition.z
      value: -16.391006
      objectReference: {fileID: 0}
    - target: {fileID: -8679921383154817045, guid: 48ba1b233e7fb4ae6a7a42b669afde6a, type: 3}
      propertyPath: m_LocalRotation.x
      value: -0.8045905
      objectReference: {fileID: 0}
    - target: {fileID: -8679921383154817045, guid: 48ba1b233e7fb4ae6a7a42b669afde6a, type: 3}
      propertyPath: m_LocalRotation.y
      value: 0.0673753
      objectReference: {fileID: 0}
    - target: {fileID: -8679921383154817045, guid: 48ba1b233e7fb4ae6a7a42b669afde6a, type: 3}
      propertyPath: m_LocalRotation.z
      value: -0.049233098
      objectReference: {fileID: 0}
    - target: {fileID: -8679921383154817045, guid: 48ba1b233e7fb4ae6a7a42b669afde6a, type: 3}
      propertyPath: m_LocalRotation.w
      value: 0.5879378
      objectReference: {fileID: 0}
    - target: {fileID: -8679921383154817045, guid: 48ba1b233e7fb4ae6a7a42b669afde6a, type: 3}
      propertyPath: m_RootOrder
      value: 0
      objectReference: {fileID: 0}
    - target: {fileID: -8679921383154817045, guid: 48ba1b233e7fb4ae6a7a42b669afde6a, type: 3}
      propertyPath: m_LocalEulerAnglesHint.x
      value: -110.038
      objectReference: {fileID: 0}
    - target: {fileID: -8679921383154817045, guid: 48ba1b233e7fb4ae6a7a42b669afde6a, type: 3}
      propertyPath: m_LocalEulerAnglesHint.y
      value: -27.544006
      objectReference: {fileID: 0}
    - target: {fileID: -8679921383154817045, guid: 48ba1b233e7fb4ae6a7a42b669afde6a, type: 3}
      propertyPath: m_LocalEulerAnglesHint.z
      value: 29.037003
      objectReference: {fileID: 0}
    - target: {fileID: -8679921383154817045, guid: 48ba1b233e7fb4ae6a7a42b669afde6a, type: 3}
      propertyPath: m_LocalScale.x
      value: 3
      objectReference: {fileID: 0}
    - target: {fileID: -8679921383154817045, guid: 48ba1b233e7fb4ae6a7a42b669afde6a, type: 3}
      propertyPath: m_LocalScale.y
      value: 3
      objectReference: {fileID: 0}
    - target: {fileID: -8679921383154817045, guid: 48ba1b233e7fb4ae6a7a42b669afde6a, type: 3}
      propertyPath: m_LocalScale.z
      value: 3
      objectReference: {fileID: 0}
    - target: {fileID: -7511558181221131132, guid: 48ba1b233e7fb4ae6a7a42b669afde6a, type: 3}
      propertyPath: m_Materials.Array.data[0]
      value: 
      objectReference: {fileID: 2100000, guid: 4595f3a6d0e824c98a8b43de838d3ee9, type: 2}
    - target: {fileID: 919132149155446097, guid: 48ba1b233e7fb4ae6a7a42b669afde6a, type: 3}
      propertyPath: m_Name
      value: Radio1
      objectReference: {fileID: 0}
    m_RemovedComponents: []
  m_SourcePrefab: {fileID: 100100000, guid: 48ba1b233e7fb4ae6a7a42b669afde6a, type: 3}
--- !u!1 &264742908657169995 stripped
GameObject:
  m_CorrespondingSourceObject: {fileID: 919132149155446097, guid: 48ba1b233e7fb4ae6a7a42b669afde6a, type: 3}
  m_PrefabInstance: {fileID: 1111799306800417562}
  m_PrefabAsset: {fileID: 0}
--- !u!4 &641585827983404273 stripped
Transform:
  m_CorrespondingSourceObject: {fileID: -8679921383154817045, guid: 48ba1b233e7fb4ae6a7a42b669afde6a, type: 3}
  m_PrefabInstance: {fileID: 1111799306800417562}
  m_PrefabAsset: {fileID: 0}
--- !u!1001 &1216014463049907227
PrefabInstance:
  m_ObjectHideFlags: 0
  serializedVersion: 2
  m_Modification:
    m_TransformParent: {fileID: 7042335803103702321}
    m_Modifications:
    - target: {fileID: 472224, guid: adcec9e4c6de5ab48a16647625892f54, type: 3}
      propertyPath: m_LocalPosition.x
      value: -97.39706
      objectReference: {fileID: 0}
    - target: {fileID: 472224, guid: adcec9e4c6de5ab48a16647625892f54, type: 3}
      propertyPath: m_LocalPosition.y
      value: 731.1713
      objectReference: {fileID: 0}
    - target: {fileID: 472224, guid: adcec9e4c6de5ab48a16647625892f54, type: 3}
      propertyPath: m_LocalPosition.z
      value: -117.77097
      objectReference: {fileID: 0}
    - target: {fileID: 472224, guid: adcec9e4c6de5ab48a16647625892f54, type: 3}
      propertyPath: m_LocalRotation.x
      value: -0
      objectReference: {fileID: 0}
    - target: {fileID: 472224, guid: adcec9e4c6de5ab48a16647625892f54, type: 3}
      propertyPath: m_LocalRotation.y
      value: -0
      objectReference: {fileID: 0}
    - target: {fileID: 472224, guid: adcec9e4c6de5ab48a16647625892f54, type: 3}
      propertyPath: m_LocalRotation.z
      value: -0
      objectReference: {fileID: 0}
    - target: {fileID: 472224, guid: adcec9e4c6de5ab48a16647625892f54, type: 3}
      propertyPath: m_LocalRotation.w
      value: 1
      objectReference: {fileID: 0}
    - target: {fileID: 472224, guid: adcec9e4c6de5ab48a16647625892f54, type: 3}
      propertyPath: m_RootOrder
      value: 0
      objectReference: {fileID: 0}
    - target: {fileID: 472224, guid: adcec9e4c6de5ab48a16647625892f54, type: 3}
      propertyPath: m_LocalScale.x
      value: 1.9598999
      objectReference: {fileID: 0}
    - target: {fileID: 472224, guid: adcec9e4c6de5ab48a16647625892f54, type: 3}
      propertyPath: m_LocalScale.y
      value: 1.9598999
      objectReference: {fileID: 0}
    - target: {fileID: 472224, guid: adcec9e4c6de5ab48a16647625892f54, type: 3}
      propertyPath: m_LocalScale.z
      value: 1.9598999
      objectReference: {fileID: 0}
    m_RemovedComponents: []
  m_SourcePrefab: {fileID: 100100000, guid: adcec9e4c6de5ab48a16647625892f54, type: 3}
--- !u!4 &1216014463049959611 stripped
Transform:
  m_CorrespondingSourceObject: {fileID: 472224, guid: adcec9e4c6de5ab48a16647625892f54, type: 3}
  m_PrefabInstance: {fileID: 1216014463049907227}
  m_PrefabAsset: {fileID: 0}
